@misc{thesis_template,
  title = "C{S}{C} {T}hesis {T}emplate",
  author = "Andrew Guenther",
  year = "2019",
  note = {\url{https://github.com/CalPolyCSC/thesis-template}}
}

@inproceedings{ieee_802_22,
  author={C. Cordeiro and K. Challapali and D. Birru and Sai Shankar},
  booktitle={First IEEE International Symposium on New Frontiers in Dynamic Spectrum Access Networks, 2005. DySPAN 2005.}, 
  title = "I{E}{E}{E} 802.22: {A}n {I}ntroduction to the {F}irst {W}ireless {S}tandard based on {C}ognitive {R}adios",
  year={2005},
  volume={},
  number={},
  pages={328-337},
  doi={10.1109/DYSPAN.2005.1542649}
 }

@article{improved_local,
  author = {Ejaz, Waleed and Ul Hasan, Najam and Azam, Muhammad Awais and Kim, Hyung Seok},
  year = {2012},
  month = {11},
  pages = {},
  title = {Improved local spectrum sensing for cognitive radio networks},
  volume = {2},
  journal = {EURASIP Journal on Advances in Signal Processing},
  doi = {10.1186/1687-6180-2012-242}
}

@inproceedings{spectrum_hole,
author = {Patil, Dipak and Wadhai, Vijay},
year = {2014},
month = {03},
pages = {1-5},
title = {NS2 based advanced routing model for cognitive radio networks from dynamic spectrum management perception},
isbn = {978-1-4799-2526-1},
journal = {2014 IEEE Students' Conference on Electrical, Electronics and Computer Science, SCEECS 2014},
doi = {10.1109/SCEECS.2014.6804450}
}

@article{software_defined_radio,
  title = "The DSP-10: An All-Mode 2-Meter Transceiver Using a DSP IF and PC-Controlled Front Panel",
  author = "Bob Larkin",
  year = "1999",
  page = "33-41",
}

@misc{ieee_working_group,
  title = "I{E}{E}{E} 802.22 {W}orking {G}roup on {W}ireless {R}egional {A}rea {N}etworks",
  author = "IEEE",
  year = "2019",
  note = {\url{https://www.ieee802.org/22/}}
}

@misc{cr_introduction,
  title = "E{C}{E}{N} 5692 - {P}rincipals of {D}igital {C}ommunication {P}roject on {I}{E}{E}{E} 802.22 ({C}ognitive {R}adio)",
  author = "Hak Rae Kim and Harish Venkatesan and Se Jong Park and Suneesh Sasikumar",
  year = "2018"}
}

@inproceedings{real_time_spectrum,  
  author={Chakraborty, Tamal and Misra, Iti Saha},  
  booktitle={2015 Radio and Antenna Days of the Indian Ocean (RADIO)},   
  title={Designing a real-time spectrum handoff algorithm for {V}o{I}{P} based {C}ognitive {R}adio {N}etworks},   
  year={2015},  
  volume={},  
  number={},  
  pages={1-2},  
  doi={10.1109/RADIO.2015.7323370}
}

@inproceedings{optimal_spectrum_allocation,
  author={Varade, Pradip S. and Ravinder, Y.},
  booktitle={2014 Annual IEEE India Conference (INDICON)}, 
  title={Optimal spectrum allocation in {C}ognitive {R}adio using {G}enetic {A}lgorithm},
  year={2014},
  volume={},
  number={},
  pages={1-5},
  doi={10.1109/INDICON.2014.7030480}}

@article{idle_channel,
  title = "Primary radio user activity models for cognitive radio networks: A survey",
  author = "Y. Saleem and M. H. Rehmani",
  journal =  "Journal of Network and Computer Applications",
  volume =  "43",
  year = "2014",
  page = "1-16"
}

@misc{cr_history,
  title = "Cognitive {R}adio",
  author = "Shalem Pravas",
  year = "2020",
  howpublished = {\url{https://www.engineersgarage.com/tech-articles/cognitive-radio/}},
  note = {Online; accessed 10 May 2021} 
}

@manual{arduino_reference,
  title        = {Language {R}eference},
  author       = {Arduino}, 
  organization = {ARDUINO.CC},
  month        = 2,
  year         = 2018,
  note = {\url{https://www.arduino.cc/reference/en/}}
}

@misc{arduino_nano,
  title = "Arduino {N}ano 3.0",
  author = "Prashan Subasinghe",
  note = {\url{https://prashan.artstation.com/store/ekBx/arduino-nano-model#top}}
}


@misc{cc1101_module,
  title = "EbyteÂ® E07-M1101D-SMA CC1101 SPI 600m Long Range Wireless Transceiver 433MHz RF Module",
  author = "Ebyte",
  organization = "Banggood"
}

